This file was created with JabRef 2.2.
Encoding: ISO8859_1

@MISC{Fernandes2007,
  author = {Erasmo Fernandes},
  title = {Pequeno guia sobre o LilyPond},
  month = {Julho},
  year = {2007},
  note = {Disponível em <\url{http://erasmo.info/lilypond/tutorial/}>. [acesso
	18 julho 2007].},
  keywords = {music editor},
  owner = {marcos},
  timestamp = {2007.07.18},
  url = {http://erasmo.info/lilypond/tutorial/}
}


@INPROCEEDINGS{nienhuys03:_lilyp_system_for_autom_music_engrav,
  author = {Han-Wen Nienhuys and Jan Nieuwenhuizen},
  title = {LilyPond, a system for automated music engraving},
  booktitle = {Proceedings of the XIV Colloquium on Musical Informatics (XIV CIM
	2003)},
  year = {2003}
}

@MISC{Nienhuys2007,
  author = {Han-Wen Nienhuys and Jan Nieuwenhuizen and Graham Percival and Pedro
	Ribeiro {Kröger Júnior} and Erik Sandberg and Mats Bengtsson},
  title = {LilyPond ... music notation for everyone},
  month = {Junho},
  year = {2007},
  note = {Disponível em <\url{http://lilypond.org/}>. [acesso 27 junho 2007].},
  keywords = {music editor},
  owner = {marcos},
  timestamp = {2007.06.27},
  url = {http://lilypond.org/}
}

@MISC{Silva2007,
  author = {{Marcos di} Silva},
  title = {Como é que se preenche um segmento melódico? (Opus 3)},
  year = {2007},
  note = {Partitura Musical. Para clarinete em Bb solo. Não publicada},
  owner = {marcos},
  timestamp = {2007.07.20}
}

@MISC{Silva2006,
  author = {{Marcos di} Silva},
  title = {Reflexio: Em torno de pensamentos. Opus 1},
  year = {2006},
  note = {Partitura Musical. Para grande orquestra, 2 coros, 4 solistas e ator.
	Peça de conclusão da Graduação em Composição, na Escola de Música
	da Universidade Federal da Bahia. Não publicada},
  owner = {marcos},
  timestamp = {2007.07.18}
}

@MISC{Silva2006a,
  author = {{Marcos di} Silva},
  title = {Reflexio: Em torno de pensamentos. Opus 1.1},
  year = {2006},
  note = {Partitura Musical. Versão para quarteto do Opus 1. Não publicada},
  owner = {marcos},
  timestamp = {2007.07.18}
}

@MISC{Silva2006b,
  author = {{Marcos di} Silva},
  title = {Bonequinho de Massa. Opus 2},
  year = {2006},
  note = {Partitura Musical. Para marimba e vibrafone. Não publicada},
  owner = {marcos},
  timestamp = {2007.07.18}
}

@MISC{Silva2004,
  author = {{Marcos di} Silva},
  title = {Incessante Reflexão},
  year = {2004},
  note = {Partitura Musical. Para flauta, oboé, clarinete em si bemol, fagote
	e trompa em fá. Não publicada},
  owner = {marcos},
  timestamp = {2007.08.09}
}

@MISC{Silva2004a,
  author = {{Marcos di} Silva},
  title = {Traquinagem},
  year = {2004},
  note = {Partitura Musical. Para flauta e clarinete em si bemol. Não publicada},
  owner = {marcos},
  timestamp = {2007.08.09}
}

@comment{jabref-meta: psDirectory:/home/marcos/tmp;}

@comment{jabref-meta: pdfDirectory:/home/marcos/tmp;}

@comment{jabref-meta: groupsversion:3;}

@comment{jabref-meta: groupstree:
0 AllEntriesGroup:;
1 KeywordGroup:Similarity\;0\;keywords\;similarity\;0\;0\;;
1 KeywordGroup:Melodic contour\;0\;keywords\;melodic contour\;0\;0\;;
}

