This file was created with JabRef 2.2.
Encoding: ISO8859_1

@MISC{Campos,
  author = {Augusto Campos},
  title = {BR-Linux},
  howpublished = {Revista Eletrônica},
  note = {Disponível em <\url{http://br-linux.org/}>. [Acesso 16 setembro 2007]},
  owner = {marcos},
  timestamp = {2007.09.16}
}

@MISC{silva06:_foca_gnu_linux,
  author = {{Gleydson Mazioli da} Silva},
  title = {Foca GNU/Linux},
  month = {Oct},
  year = {2006},
  note = {Disponível em <\url{http://focalinux.cipsga.org.br/}> [acesso 10
	outubro 2006]},
  annote = {Acessado em 10 de outubro de 2006, em Disponível em <\url{http://focalinux.cipsga.org.br/}>}
}

@INCOLLECTION{wikipedia-debian-07,
  author = {Wikipedia},
  title = {Debian},
  booktitle = {Wikipédia: a enciclopédia livre},
  publisher = {Fundação Wikimedia},
  year = {2007},
  note = {Disponível em <\url{http://pt.wikipedia.org/wiki/Debian}> [acesso
	16 setembro 2007]},
  annote = {Acessado em 27 de setembro de 2006, em Disponível em <\url{http://pt.wikipedia.org/wiki/Sistemas\_de\_controle\_de\_vers\%C3\%A3o}>},
  keywords = {computer
	
	linux
	
	debian
	
	OS},
  owner = {marcos},
  timestamp = {2007.09.16},
  url = {http://pt.wikipedia.org/wiki/Debian},
  urlaccessdate = {27 set. 2006}
}

@INCOLLECTION{wikipedia-linux-07,
  author = {Wikipedia},
  title = {Linux},
  booktitle = {Wikipédia: a enciclopédia livre},
  publisher = {Fundação Wikimedia},
  year = {2007},
  note = {Disponível em <\url{http://pt.wikipedia.org/wiki/Linux}> [acesso
	16 setembro 2007]},
  annote = {Acessado em 27 de setembro de 2006, em Disponível em <\url{http://pt.wikipedia.org/wiki/Sistemas\_de\_controle\_de\_vers\%C3\%A3o}>},
  keywords = {computer
	
	linux
	
	OS},
  owner = {marcos},
  timestamp = {2007.09.16},
  url = {http://pt.wikipedia.org/wiki/Linux},
  urlaccessdate = {27 set. 2006}
}

@INCOLLECTION{wikipedia-ubuntu-07,
  author = {Wikipedia},
  title = {Ubuntu},
  booktitle = {Wikipédia: a enciclopédia livre},
  publisher = {Fundação Wikimedia},
  year = {2007},
  note = {Disponível em <\url{http://pt.wikipedia.org/wiki/Ubuntu}> [acesso
	16 setembro 2007]},
  annote = {Acessado em 27 de setembro de 2006, em Disponível em <\url{http://pt.wikipedia.org/wiki/Sistemas\_de\_controle\_de\_vers\%C3\%A3o}>},
  keywords = {computer
	
	linux
	
	debian
	
	ubuntu
	
	OS},
  owner = {marcos},
  timestamp = {2007.09.16},
  url = {http://pt.wikipedia.org/wiki/Ubuntu},
  urlaccessdate = {27 set. 2006}
}

@INCOLLECTION{06:_softw_livre,
  author = {Wikipedia},
  title = {Software Livre},
  booktitle = {Wikipédia: a enciclopédia livre},
  publisher = {Fundação Wikimedia},
  year = {2006},
  note = {Disponível em <\url{http://pt.wikipedia.org/w/index.php?title=Software_livre&oldid=5379068}>
	[acesso 27 setembro 2006]}
}

@MANUAL{debiandoc,
  title = {Documentação},
  organization = {Projeto Debian},
  year = {2007},
  note = {Disponível em <\url{http://debian.org/doc/}>. Acesso [16 setembro
	2007].},
  keywords = {computer
	
	linux
	
	debian
	
	OS},
  owner = {marcos},
  timestamp = {2007.09.16},
  url = {http://debian.org/doc/}
}

@MANUAL{gnomedoc,
  title = {Gnome Documents},
  organization = {Gnome Project},
  year = {2007},
  note = {Disponível em <\url{http://wiki.ubuntu-br.org/Documentacao}>. Acesso
	[16 setembro 2007].},
  keywords = {computer
	
	linux
	
	gnome
	
	OS},
  owner = {marcos},
  timestamp = {2007.09.16},
  url = {http://www.gnome.org/learn/}
}

@MANUAL{ubuntubrdoc,
  title = {Documentação do Ubuntu Brasil},
  organization = {Projeto Debian},
  year = {2007},
  note = {Disponível em <\url{http://wiki.ubuntu-br.org/Documentacao}>. Acesso
	[16 setembro 2007].},
  keywords = {computer
	
	linux
	
	debian
	
	ubuntu
	
	OS},
  owner = {marcos},
  timestamp = {2007.09.16},
  url = {http://wiki.ubuntu-br.org/Documentacao}
}

@comment{jabref-meta: psDirectory:/home/marcos/tmp;}

@comment{jabref-meta: pdfDirectory:/home/marcos/tmp;}

@comment{jabref-meta: groupsversion:3;}

@comment{jabref-meta: groupstree:
0 AllEntriesGroup:;
1 KeywordGroup:Similarity\;0\;keywords\;similarity\;0\;0\;;
1 KeywordGroup:Melodic contour\;0\;keywords\;melodic contour\;0\;0\;;
}

