@INCOLLECTION{cook87:_techn_compar_analy,
  author = {Cook, Nicholas},
  title = {Techniques of Comparative Analysis},
  booktitle = {A guide to musical analysis},
  publisher = {J.M.Dent},
  year = {1987},
  pages = {183--214},
  address = {London},
  annote = {Nicholas Cook.
	
	ill., music ; 24 cm.
	
	Includes index.},
  cdd = {781 C771},
  crossref = {Cook1987},
  isbn = {460126024},
  keywords = {Musical analysis.
	
	cantometrics
	
	melodic contour},
  owner = {marcos},
  timestamp = {2007.05.05}
}

@Book{epstein79:_beyon_orpheus,
  author =    {Epstein, David},
  title =        {Beyond Orpheus: studies in musical structure},
  publisher =    {The MIT Press},
  year =         1979,
  address =   {Cambrigde/London}}

@Article{bernard87:_inaud_struc_audib_music,
  author =       {Bernard, Jonathan W.},
  title =        {Inaudible structures, audible music: Ligeti's problem, and his solution},
  journal =      {Music Analysis},
  year =         1987,
  volume =  6,
  number =  3,
  pages =     {207-236}}

@Book{morin06:_ao_pensam_compl,
  author =    {Morin, Edgar},
  title =        {Introdução ao pensamento complexo},
  publisher =    {Sulina},
  year =         2006,
  address =   {Porto Alegre}}

@BOOK{Abraham1979,
  title = {The concise Oxford history of music},
  publisher = {Oxford University Press},
  year = {1979},
  author = {Gerald Abraham},
  address = {London and New York},
  annote = {Gerald Abraham.
	
	ill., music; 26 cm. 968 p. Includes index.},
  cdd = {780.9 A159},
  keywords = {Music History and criticism.
	
	EMUS},
  owner = {marcos},
  timestamp = {2007.04.05}
}

@BOOK{adler87:_gesch_musik,
  title = {Geschichte der Musik: mit zahlreichen Notenbeispielen und Musikbeilagen},
  publisher = {F.E.C. Leuckart},
  year = {1887},
  author = {Adler, Guido and Ambros, August Wilhelm and Nottebohm, Gustav and
	Sokolowsky, B. von and Becker, Carl Ferdinand and Reimann, Heinrich
	and Kade, Otto},
  pages = {5 v.},
  address = {Leipzig},
  annote = {von August Wilhelm Ambros.
	
	ill., plates, 23 cm
	
	Vols. 1 and 5 have also special t.-p.; general title of v. 1 varies
	slightly.
	
	The work was never completed; after the author's death, v. 4 was edited
	from the manuscript by G. Nottebohm and C. F. Becker. A continuation
	by W. Langhans, appeared in 1882-87 under the title: Die Geschichte
	der Musik des 17., 18. und 19. Jahrhunderts.
	
	1. Bd. Die Musik des griechischen Alterthums und des Orients nach
	R. Westphal's und F. A. Gevaert's neusten Forschungen dargestellt
	und berichtigt von B. von Sokolowsky. 3. gänzlich umgearb. Aufl.
	1887. --2. Bd. Die Anfänge der europäisch abendländischen Musik.
	Die Entwickelung des geregelten mehrstimmigen Gesanges. 3. verm.
	und verb. Aufl. von Heinrich Reimann. 1891. --3. Bd. Die Zeit der
	Niederländer. Die Musik in Deutschland und England. Die italienische
	Musik des XV. Jahrh. 3. verb. und mit nachträgen versehene Aufl.
	von O. Kade. 1893. --4. Bd. Fragment: Palestrina. Die Zeit des Palestrinastyles.
	Der monodische Styl in Rom. Die Musikreform und der Kampf gegen den
	Contrapunkt. Die Zeit des Ueberganges. Die Zeit ersten dramatischen
	Musikwerke. Claudio di Monteverde. Theoretiker und Lehrer. Die italienischen
	Organisten. 3. verb. Aufl., hrsg. von Hugo Leichtentritt 1909. --5.
	Bd. Auserwählte Tonwerke der berühmsten Meister des 15. und 16. Jahrhunderts.
	Eine Beispielsammlung zu dem dritten Bande der Musikgeschichte von
	A. W. Ambros nach dessen unvollendet hinterlassenem Notenmaterial
	mit zahlreichen Vermehrungen hrsg. von O. Kade. 3. unveränderte Aufl.
	1911.},
  keywords = {music.
	
	Music To 500 History and criticism.
	
	Music 500-1400 History and criticism.
	
	Music 15th century History and criticism.
	
	Music 16th century History and criticism.
	
	Musical analysis Music collections.},
  owner = {marcos},
  timestamp = {2007.04.13}
}

@BOOK{adler89:_study_orches,
  title = {The Study of Orchestration},
  publisher = {W.W. Norton \& Company},
  year = {1989},
  author = {Samuel Adler},
  address = {New York},
  edition = {2. ed.},
  isbn = {393958078},
  keywords = {music.
	
	orchestration}
}

@ARTICLE{albrecht2004ect,
  author = {Cintia Macedo Albrecht and Maria Lúcia Pascoal},
  title = {As estruturas de conjuntos na técnica de doze sons.},
  journal = {Revista Eletrônica de Musicologia},
  year = {2004},
  volume = {8},
  abstract = {O objetivo deste trabalho é apresentar uma análise da estrutura de
	conjuntos de sons na Mini-suite n. 1 para piano, de José Penalva
	(1924-2002). Faz parte de uma pesquisa maior, que investiga material
	e técnicas de composição representativas para a música do século
	XX e as possíveis convergências entre os compositores brasileiros.
	A necessidade de se desenvolver a bibliografia sobre teoria da música,
	análise e música do século XX no Brasil e a direta aplicação que
	poderá apresentar ao conhecimento musical, justificam tanto o desenvolvimento
	desta pesquisa como sua comunicação. A Metodologia constou de várias
	fases, como: estudo da bibliografia sobre história, música brasileira,
	teoria e análise; leitura e análise das peças e sugestões para a
	interpretação. A conclusão aponta que a análise segundo a teoria
	dos conjuntos se revelou eficiente para esclarecer o uso do material
	nas peças e para a compreensão do uso da técnica de doze sons por
	um compositor brasileiro, bem como este estudo pode trazer também
	resultados animadores para a performance das peças.},
  annote = {Disponível em <\url{http://www.rem.ufpr.br/REMv8/penalva.html}>.
	Acesso [25 maio 2007].},
  keywords = {music.
	
	melodic contour},
  owner = {marcos},
  timestamp = {2007.05.25},
  url = {http://www.rem.ufpr.br/REMv8/penalva.html}
}

@BOOK{aldwell89:_harmon,
  title = {Harmony and voice leading},
  publisher = {Harcourt Brace Jovanovich},
  year = {1989},
  author = {Edward Aldwell and Carl Schachter},
  pages = {xiv, 624},
  address = {San Diego},
  annote = {Edward Aldwell, Carl Schachter.
	
	ill.; 25 cm.},
  keywords = {music.
	
	Harmony.},
  owner = {marcos},
  timestamp = {2007.03.22}
}

@PHDTHESIS{alves05:_invar,
  author = {José Orlando Alves},
  title = {Invariâncias e disposições texturais: do planejamento composicional
	à reflexão sobre o processo criativo},
  school = {Universidade Estadual de Campinas. Instituto de Artes},
  year = {2005},
  type = {PhD. Diss.},
  address = {Campinas, SP},
  abstract = {Esta Tese, desenvolvida no Doutorado em Música na Área de Concentração
	em Processos Criativos, é o resultado da pesquisa sobre a utilização,
	a viabilidade e as conseqüências do processo de planejamento inserido
	na composição musical. Este planejamento foi formulado a partir de
	parâmetros estruturais relacionados à organização das Alturas e à
	disposição de fluxos Texturais. A combinação dos parâmetros adotados
	ocorreu através da multiplicação matricial, dando origem à denominação
	de Planejamento Composicional Parametrizado Matricial. O texto inicia-se
	com um breve apanhado histórico sobre o processo de formalização
	composicional e apresenta aspectos do planejamento relacionados à
	elaboração de esboços, caderno de notas entre outros. Discute também
	o conceito de auto-organização no contexto da criatividade musical
	que resultou na composição das seguintes obras: Disposições Texturais
	e o conjunto de 33 Invariâncias, todas para piano solo. A pesquisa
	desenvolveu um processo de planejamento, estudou as suas implicações
	estruturais e criativas e, por fim, buscou uma reflexão sobre como
	a subjetividade do compositor atuou na escolha e na organização das
	estruturas musicais},
  annote = {Banca: Jonatas Manzolli [Orientador]
	
	Denise Hortencia Lopes Garcia
	
	Maria Lucia Pascoal
	
	Marisa Rezende
	
	Itala M. L. D'Ottaviano
	
	o Goldemberg
	
	Barancoski},
  keywords = {music.
	
	Composition (Music)
	
	Compositional planning
	
	Matrix
	
	Creative process
	
	melodic contour
	
	compositional process},
  owner = {marcos},
  pdf = {/home/marcos/profissional/docs/shared-docs/teses/alves05:_invar.pdf},
  timestamp = {2007.05.25}
}

@BOOK{Austin1966,
  title = {Music in the 20th century, from Debussy through Stravinsky},
  publisher = {W. W. Norton},
  year = {1966},
  author = {Austin, William W.},
  pages = {xx, 708},
  series = {Norton History of Music},
  address = {New York},
  annote = {[by] William W. Austin. illus., music, ports. 24 cm.},
  cdd = {780.904 A938m},
  keywords = {Music 20th century History and criticism.},
  owner = {marcos},
  timestamp = {2007.04.05}
}


@ARTICLE{babbitt1961ssc,
  author = {Milton Babbitt},
  title = {Set Structure as a Compositional Determinant},
  journal = {Journal of Music Theory},
  year = {1961},
  volume = {5},
  pages = {72--94},
  number = {1},
  keywords = {music
	
	composition},
  owner = {marcos},
  publisher = {JSTOR},
  timestamp = {2007.11.01}
}

@ARTICLE{babbitt1960tti,
  author = {Milton Babbitt},
  title = {Twelve-Tone Invariants as Compositional Determinants},
  journal = {The Musical Quarterly},
  year = {1960},
  volume = {46},
  pages = {246--259},
  number = {2},
  keywords = {music
	
	composition},
  owner = {marcos},
  publisher = {JSTOR},
  timestamp = {2007.11.01}
}


@BOOK{Bent1987,
  title = {Analysis},
  publisher = {Norton},
  year = {1987},
  author = {Bent, Ian and Drabkin, William},
  pages = {viii, 184},
  address = {New York},
  annote = {by Ian Bent ; with a glossary by William Drabkin.
	
	ill., music ; 25 cm.
	
	"Parts of this material first published in the New Grove dictionary
	of music and musicians"--T.p. verso.
	
	Includes index.},
  isbn = {0393024474},
  keywords = {Musical analysis.
	
	Guide to musicology,
	
	Similarity [?]},
  owner = {marcos},
  timestamp = {2007.05.04}
}

@INCOLLECTION{bent02:_analy,
  author = {Ian D. Bent and Anthony Pople},
  title = {Analysis},
  booktitle = {Grove Music},
  publisher = {Oxford University Press},
  year = {2002},
  editor = {Macy, Laura Williams},
  annote = {Disponível em <\url{http://www.grovemusic.com/}> [acesso 1 janeiro
	2002]},
  keywords = {music analysis
	
	music similarity},
  owner = {marcos},
  timestamp = {2007.04.15}
}

@ARTICLE{berenzweig2003asc,
  author = {Berenzweig, A. and Ellis, DPW and Lawrence, S.},
  title = {Anchor space for classification and similarity measurement of music},
  journal = {Multimedia and Expo, 2003. ICME'03. Proceedings. 2003 International
	Conference on},
  year = {2003},
  volume = {1},
  annote = {http://www.ee.columbia.edu/~dpwe/pubs/icme03-anchor.pdf},
  keywords = {music similarity},
  owner = {marcos},
  timestamp = {2007.05.17}
}

@BOOK{berlioz1991ti,
  title = {{Treatise on Instrumentation}},
  publisher = {Dover Publications},
  year = {1991},
  author = {Hector Berlioz and Richard Strauss},
  keywords = {music
	
	orchestration},
  owner = {marcos},
  timestamp = {2008.01.28}
}

@BOOK{bitsch64,
  title = {Traité de contrepoint},
  publisher = {Durand},
  year = {1964},
  author = {Marcel Bitsch and Noël Gallon},
  address = {Paris},
  keywords = {Counterpoint},
  owner = {marcos},
  timestamp = {2007.03.22}
}

@BOOK{Blatter1997,
  title = {Instrumentation and orchestration},
  publisher = {Schirmer Books},
  year = {1997},
  author = {Alfred Blatter},
  address = {New York},
  edition = {2. ed.},
  keywords = {music
	
	orchestration},
  owner = {marcos},
  timestamp = {2008.01.28}
}

@BOOK{blume89:_musik_gesch_gegen,
  title = {Die Musik in Geschichte und Gegenwart: allgemeine Enzyklopädie der
	Musik},
  publisher = {Bärenreiter-Verlag},
  year = {1989},
  author = {Blume, Friedrich},
  pages = {17 v.},
  address = {München Deutscher Taschenbuch Verlag; Kassel},
  annote = {Unter Mitarbeit zahlreicher Musikforscher des In- und Auslandes,
	herausgegeben von Friedrich Blume.
	
	ill., ports., facsims, music; 28 cm.
	
	Bd. 1. Aachen-Blumner.--Bd. 2. Boccherini-Da Ponte.--Bd. 3. Daquin-Fechner.--Bd.
	4. Fede-Gesangspädagogik.--Bd. 5. Gesellschaften-Hayne.-- Bd. 6.
	Head-Jenny.--Bd. 7. Jensen-Kyrie.--Bd. 8. Laaff-Mejtus.--Bd. 9. Mel-
	Onslow.--Bd. 10. Oper-Rappresentazione.--Bd. 11. Rasch-Schnyder von
	Wartensee.- -Bd. 12. Schoberlechner-symphonische Dichtung.--Bd. 13.
	Syrinx-Volksgesang, Volksmusik und Volkstanz.--Bd. 14. Vollerthun-Zyganow.--Bd.
	15. Supplement: Aachen-Dyson.--Bd. 16. Supplement, Earsden-Zweibrücken.--Bd.
	17. Register.},
  keywords = {Music Dictionaries German.
	
	Music Bio-bibliography.},
  owner = {marcos},
  timestamp = {2007.03.29}
}

@MISC{Bordini2005,
  author = {Ricardo Mazzini Bordini},
  title = {Departamento de Composição, Literatura e Estruturação Musical ---
	Materiais didáticos},
  year = {2005},
  note = {Disponível em \url{http://www.clem.ufba.br/materiais-didaticos.html}.},
  keywords = {counterpoint
	
	harmony},
  owner = {marcos},
  timestamp = {2007.06.28},
  url = {http://www.clem.ufba.br/materiais-didaticos.html}
}

@PHDTHESIS{bordini03,
  author = {Ricardo Mazzini Bordini},
  title = {A teoria pós-tonal e o processador de classes de notas aplicados
	à composição musical: um tutorial},
  school = {Universidade Federal da Bahia. Escola de Música},
  year = {2003},
  type = {Tese (doutorado)},
  address = {Salvador},
  abstract = {Este trabalho tem por objeto a elaboração de um Tutorial utilizando
	recursos de hipertexto para vincular: 1) conceitos e definições da
	Teoria Pós-tonal, 2) as operações do Processador de Classes de Notas
	(PCN) do Dr. Jamary Oliveira, e 3) exercícios de composição. Essa
	integração permite ao usuário transferir o conhecimento entre as
	duas primeiras seções e aplicar o aprendizado na terceira. O Capítulo
	1 aborda as questões referentes à estrutura formal do trabalho e
	os aspectos técnicos envolvidos em sua realização. O Capítulo 2 apresenta
	um breve histórico da geração da Teoria, detalhes da documentação
	do PCN, e comentários sobre a tradução do livro: Introduction to
	Post-Tonal Theory, do Dr. Joseph N. Straus, tradução essa que autorizada
	pelo autor vai em anexo. Esse capítulo motiva o Apêndice 1, o qual
	contém dados estatísticos sobre as obras mais utilizadas como exemplo
	para tópicos da Teoria. O Capítulo 3 compreende basicamente as questões
	relativas ao Tutorial e remete-se a três apêndices: o Apêndice 2,
	que lista acrônimos ligados à XML (linguagem de marcação utilizada
	no Tutorial); o Apêndice 3, que inclui a documentação do XML Schema
	e a codificação em XML do Tutorial; e o Apêndice 4, que traz a composição
	musical originada da resolução dos exercícios. Finalmente, o Capítulo
	4 contém a conclusão do trabalho. Há também um CD anexo contendo
	o Tutorial, a documentação do Schema em formato HTML, e uma gravação
	digital da composição.},
  annote = {Orientador: Jamary Oliveira},
  citeseerurl = {http://www.ufba.br/tedesimples/tde_busca/arquivo.php?codArquivo=277
	http://www.ufba.br/tedesimples/tde_busca/arquivo.php?codArquivo=278},
  keywords = {composição musical
	
	teoria pós-tonal
	
	técnicas de composição
	
	educação musical
	
	material didático
	
	informática em música.},
  owner = {marcos},
  pdf = {/home/marcos/backup/exclude-backup/docs/teses/bordini03-1.pdf},
  timestamp = {2007.03.25}
}

@BOOK{bourdelot66:_histoir,
  title = {Histoire de la musique et des ses effets},
  publisher = {Akademische Druck- u. Verlagsanstalt},
  year = {1966},
  author = {Pierre Bourdelot and Pierre Bonnet and Jacques Bonnet and Jean Laurent
	Le Cerf de la Viéville and Othmar Wessely},
  pages = {4 v. in 2.},
  address = {Graz},
  annote = {[par] Pierre Bourdelot [et] Pierre Bonnet. Faksimile-Nachdruck der
	Amsterdamer Ausgabe 1725, hrsg. und mit Registern versehen von Othmar
	Wessely.
	
	18 cm.
	
	Begun by the Abbé Bourdelot; continued by his nephew Pierre Bonnet;
	completed and published by the brother of the latter, Jacques Bonnet.
	
	Vols. 2-4 are a reprint of Comparaison de la musique italienne et
	de la musique françoise by J.L. Le Cerf de La Viéville (Brussels,
	1704; new ed. augm. 1705), written in reply to F. Ragenet's Parallile
	des Italiens et des François en ce que regarde la musique.},
  keywords = {Music History and criticism.
	
	Music Italy History and criticism.
	
	Music France History and criticism.
	
	Ragenet, François, 1660?-1722.},
  owner = {marcos},
  timestamp = {2007.04.13}
}

@INCOLLECTION{Brown1980,
  author = {Howard Mayer Brown},
  title = {Orchestration},
  booktitle = {The New Grove Dictionary of Music and Musicians},
  publisher = {Macmillan Publishers},
  year = {1980},
  editor = {Stanley Sadie},
  volume = {13},
  address = {London},
  keywords = {music
	
	orchestration},
  owner = {marcos},
  timestamp = {2008.01.28}
}


@BOOK{burney57,
  title = {A general history of music, from the earliest ages to the present
	period (1789)},
  publisher = {Dover Publications},
  year = {1957},
  author = {Burney, Charles and Mercer, Frank},
  pages = {2 v.},
  address = {New York},
  annote = {With critical and historical notes by Frank Mercer.
	
	illus., ports. 21 cm.
	
	Includes music.},
  keywords = {Music History and criticism.},
  owner = {marcos},
  timestamp = {2007.04.13}
}

@BOOK{Carse1964,
  title = {The History of Orchestration},
  publisher = {Dover},
  year = {1964},
  author = {Adam Carse},
  address = {New York},
  keywords = {music
	
	orchestration},
  owner = {marcos},
  timestamp = {2008.01.28}
}

@BOOK{carvalho06:_contr_modal,
  title = {Contraponto Modal: manual prático},
  publisher = {Evangraf},
  year = {2006},
  author = {Any Raquel Carvalho},
  address = {Porto Alegre},
  edition = {2. ed. rev. amp.},
  keywords = {Counterpoint},
  owner = {marcos},
  timestamp = {2007.03.25}
}

@BOOK{casella50:_la,
  title = {La Tecnica de la Orquestra Contemporanea},
  publisher = {Ricordi Americana},
  year = {1950},
  author = {Alfredo Casella and Virgilio Mortari},
  address = {Buenos Aires},
  comment = {Tradução de A. Jurafsky},
  keywords = {Orchestration}
}

@BOOK{Cogan1976,
  title = {Sonic Design: The Nature of Sound and Music},
  publisher = {Prentice-Hall},
  year = {1976},
  author = {Robert Cogan and Pozzi Escot},
  address = {Englewood Cliffs, NJ},
  owner = {marcos},
  timestamp = {2007.11.28}
}

@BOOK{Cook1987,
  title = {A guide to musical analysis},
  publisher = {J.M.Dent},
  year = {1987},
  author = {Cook, Nicholas},
  pages = {376},
  address = {London},
  annote = {Nicholas Cook.
	
	ill., music ; 24 cm.
	
	Includes index.},
  cdd = {781 C771},
  isbn = {0460126024},
  keywords = {Musical analysis.},
  owner = {marcos},
  timestamp = {2007.04.28}
}

@BOOK{cope1997tcc,
  title = {Techniques of the contemporary composer},
  publisher = {Schirmer Books},
  year = {1997},
  author = {David Cope},
  owner = {marcos},
  timestamp = {2007.08.07}
}

@BOOK{Delone1975,
  title = {Aspects of Twentieth-Century Music},
  publisher = {Prentice-Hall},
  year = {1975},
  editor = {Gary E. Wittlich},
  author = {Richard P. Delone and Vernon L. Kliewer and Horace J. Reisberg and
	Mary H. Wennerstrom and Allen Winold},
  address = {Englewwod Cliffs, NJ},
  owner = {marcos},
  timestamp = {2007.08.07}
}

@ARTICLE{fay74:_contex_analy_music_gestur,
  author = {T. Fay},
  title = {Context Analysis of Musical Gestures},
  journal = {Journal of Music Theory},
  year = {1974},
  volume = {18},
  pages = {124--51}
}

@BOOK{ferraz98,
  title = {Música e repetição: a diferença na composição contemporânea},
  publisher = {EDUC},
  year = {1998},
  author = {Silvio Ferraz},
  pages = {273 p},
  address = {São Paulo},
  cdd = {781.61},
  isbn = {85-283-0146-X},
  keywords = {Música,
	
	Composição,
	
	século XX
	
	Ferneyhough, Brian,
	
	Messiaen, Olivier
	
	Diferença
	
	Similaridade [?]},
  owner = {marcos},
  timestamp = {2007.05.04}
}

@BOOK{Forsyth1982,
  title = {Orchestration},
  publisher = {Dover},
  year = {1982},
  author = {Cecil Forsyth},
  address = {New York},
  keywords = {music
	
	orchestration},
  owner = {marcos},
  timestamp = {2008.01.28}
}

@BOOK{Forte1979,
  title = {Tonal harmony in concept and practice},
  publisher = {Holt Rinehart and Winston},
  year = {1979},
  author = {Allen Forte},
  pages = {564},
  address = {New York},
  annote = {Allen Forte.
	
	25 cm.
	
	Includes indexes.},
  keywords = {Harmony.},
  owner = {marcos},
  timestamp = {2007.03.22}
}

@BOOK{forte73:_struc_atonal_music,
  title = {The Structure of Atonal Music},
  publisher = {Yale University Press},
  year = {1973},
  author = {Allen Forte},
  address = {New Haven},
  isbn = {300016107}
}

@BOOK{Fux1971,
  title = {The study of counterpoint: from Johann Joseph Fux's Gradus ad parnassum},
  publisher = {W. W. Norton},
  year = {1971},
  author = {Johann Joseph Fux and Alfred Mann},
  pages = {xvi, 156},
  address = {New York},
  annote = {translated and edited by Alfred Mann, with the collaboration of John
	Edmunds.
	
	music; 20 cm.
	
	Previously pub. under the title Steps to Parnassus; the study of counterpoint.
	
	A translation of p. 41-139, 279 and the pref. of the author's Gradus
	ad Parnassum. ViennÅ, 1725. Cf. p. [144]},
  keywords = {Counterpoint.
	
	Composition (Music)},
  owner = {marcos},
  timestamp = {2007.03.26}
}

@BOOK{Gauldin1997,
  title = {Harmonic practice in tonal music},
  publisher = {W.W. Norton},
  year = {1997},
  author = {Robert Gauldin},
  pages = {xxii, 680},
  address = {New York},
  annote = {http://purl.dlib.indiana.edu/iudl/variations/sound/AHA3291},
  keywords = {Harmony.},
  owner = {marcos},
  timestamp = {2007.03.18}
}

@PHDTHESIS{gomes02:_grupo_compos_bahia,
  author = {Wellington Gomes},
  title = {Grupo de Compositores da Bahia: Estratégias orquestrais},
  school = {Universidade Federal da Bahia. Escola de Música},
  year = {2002},
  type = {Tese (doutorado)},
  address = {Salvador},
  annote = {Orientador: Jamary Oliveira},
  cdd = {780.981},
  keywords = {composição musical
	
	orquestração},
  owner = {marcos},
  timestamp = {2007.03.29}
}

@BOOK{green79:_form_tonal_music,
  title = {Form in tonal music: an introduction to analysis},
  publisher = {Holt Rinehart and Winston},
  year = {1979},
  author = {Douglass M. Green},
  pages = {xi, 324},
  address = {New York},
  annote = {Douglass M. Green.
	
	ill., music; 34 cm.
	
	Includes indexes.},
  keywords = {Musical form.
	
	Musical analysis.},
  owner = {marcos},
  timestamp = {2007.03.22}
}

@BOOK{grout94:_ociden,
  title = {História da Música Ocidental},
  publisher = {Gradiva},
  year = {1994},
  author = {Donald Grout and Claude Palisca},
  address = {Lisboa},
  annote = {Tradução de Ana Luísa Faria},
  keywords = {Music History and criticism.},
  pdf = {/home/marcos/backup/exclude-backup/docs/historia/grout-palisca-historia-musica-ocidental.pdf}
}

@BOOK{Grout1980,
  title = {A history of western music},
  publisher = {Norton},
  year = {1980},
  author = {Donald Jay Grout and Claude V. Palisca},
  pages = {ix, 849},
  address = {New York},
  edition = {3. ed.},
  annote = {Donald Jay Grout, with Claude V. Palisca.
	
	ill., facsims., music; 25 cm.
	
	"Chronology": p. 800-824.
	
	Includes index.},
  keywords = {Music History and criticism.},
  owner = {marcos},
  timestamp = {2007.03.22}
}

@BOOK{Grove1980,
  title = {The New Grove dictionary of music and musicians},
  publisher = {Macmillan Publishers;
	
	Grove's Dictionaries of Music},
  year = {1980},
  author = {George Grove and Stanley Sadie},
  pages = {20 v.},
  address = {London
	
	Washington, D.C.},
  annote = {edited by Stanley Sadie.
	
	ill.; 26 cm.},
  keywords = {Music Dictionaries.
	
	Music Bio-bibliography.},
  owner = {marcos},
  timestamp = {2007.03.22}
}

@BOOK{Heussenstamm1987,
  title = {The Norton manual of music notation},
  publisher = {W.W. Norton},
  year = {1987},
  author = {Heussenstamm, George},
  pages = {viii, 168},
  address = {New York},
  annote = {by George Heussenstamm.
	
	music ; 26 cm.
	
	Includes index.},
  keywords = {Musical notation.},
  owner = {marcos},
  timestamp = {2007.05.04}
}

@BOOK{hopkins1993so,
  title = {Sounds of the Orchestra},
  publisher = {Oxford University Press},
  year = {1993},
  author = {Antony Hopkins},
  keywords = {music
	
	orchestration},
  owner = {marcos},
  review = {In this remarkable book, Antony Hopkins shows how the entire orchestra
	acts as a distinct musical instrument, one which composers have played
	upon over the centuries to express every mood, from the most sublime
	to the most frivolous. In so doing, he explains the ways in which
	a composer's "signature in sound" develops, from the subtly exotic
	pattern of a Bartok theme to the sensuously evocative chords in Debussy.
	Hopkins offers an in-depth look at the origins of the orchestra itself,
	an evolutionary process that took the better part of two centuries
	in Europe, yet finds its roots in our ancient past. He begins his
	discussion in ancient Egypt, Greece, and Rome, moves through the
	music of medieval Europe, and ultimately reaches a watershed moment
	in the history of the orchestra as we now know it: the composition
	of Bach's Brandenburg Concertos in the early eighteenth century.
	Having introduced the various instruments, explained the development
	of their groupings, and demonstrated how the blending of their tones
	led to the orchestral sounds of the modern era, he provides an incisive
	examination of actual compositions. Expertly guiding readers through
	representative pieces by Mozart, Schubert, Berlioz, Tchaikovsky,
	Debussy, and Britten, Hopkins offers a unique and insightful companion
	for beginning and more seasoned concert-goers alike.},
  timestamp = {2007.08.13}
}

@BOOK{Howat1983,
  title = {Debussy in Proportion: A musical analysis},
  publisher = {Cambridge University Press},
  year = {1983},
  author = {Roy Howat},
  address = {Cambridge},
  keywords = {music
	
	proportion
	
	debussy},
  owner = {marcos},
  timestamp = {2007.08.07}
}

@BOOK{repertory97:_rilm,
  title = {RILM abstracts of music literature},
  publisher = {OCLC},
  year = {1997},
  author = {{International Repertory and OCLC of Music Literature (Organization)}},
  address = {Dublin, Ohio},
  abstract = {"Published by Répertoire International de Littérature Musicale, New
	York. Contains records in over 100 languages; entries include original-language
	titles, title translations in English, full bibliographic information,
	and abstracts in English, as well as author, journal, and in-depth
	subject indexes."},
  annote = {http://search.ebscohost.com/login.asp?profile=web\&defaultdb=rih
	
	http://www.ref.oclc.org:2000/dbname=RILM_Music_Abstracts:done=referer:timeout=600:FSIP},
  keywords = {Music Periodicals Indexes.
	
	Music Peridodicals Abstracts},
  owner = {marcos},
  timestamp = {2007.03.29}
}

@BOOK{Karkoschka1972,
  title = {Notation in new music; a critical guide to interpretation and realisation},
  publisher = {Praeger},
  year = {1972},
  author = {Karkoschka, Erhard},
  pages = {xii, 183},
  address = {New York,},
  annote = {Translated from the German by Ruth Koenig.
	
	32 cm.
	
	Translation of Das Schriftbild der Neuen Musik.},
  keywords = {Musical notation.},
  owner = {marcos},
  timestamp = {2007.05.04}
}

@BOOK{Kennan1997,
  title = {The technique of orchestration},
  publisher = {Prentice-Hall},
  year = {1997},
  author = {Kent Wheeler Kennan and Donald Grantham},
  pages = {411},
  address = {Upper Saddle River, N.J.},
  annote = {Kent Kennan, Donald Grantham.
	
	ill.; 24 cm.
	
	Includes index.},
  isbn = {0-13-466327-6},
  keywords = {music
	
	Instrumentation and orchestration.},
  owner = {marcos},
  timestamp = {2007.10.14}
}

@BOOK{Kennan1983,
  title = {The technique of orchestration},
  publisher = {Prentice-Hall},
  year = {1983},
  author = {Kent Wheeler Kennan and Donald Grantham},
  pages = {xii, 403},
  address = {Englewood Cliffs, N.J.},
  annote = {Kent Kennan, Donald Grantham.
	
	ill.; 24 cm.
	
	Includes index.},
  isbn = {139003088},
  keywords = {Instrumentation and orchestration.},
  owner = {marcos},
  timestamp = {2007.03.18}
}

@BOOK{Kennedy1990,
  title = {The concise Oxford dictionary of music: based on the original publication},
  publisher = {Oxford University Press},
  year = {1990},
  author = {Michael Kennedy},
  pages = {724},
  address = {Oxford England and New York},
  annote = {by Michael Kennedy.
	
	20 cm.},
  keywords = {Music Dictionaries.
	
	Music Bio-bibliography.},
  owner = {marcos},
  timestamp = {2007.03.18}
}

@BOOK{Koechlin1956,
  title = {Traité de L'Orchestration},
  publisher = {Max Eschig},
  year = {1956},
  author = {Charles Koechlin},
  volume = {1-4},
  address = {Paris},
  keywords = {music
	
	orchestration},
  owner = {marcos},
  timestamp = {2008.01.28}
}

@BOOK{koechlin46,
  title = {Traité de l'Harmonie},
  publisher = {Max Eschig},
  year = {1946},
  author = {Charles Koechlin},
  volume = {3},
  address = {Paris},
  owner = {marcos},
  timestamp = {2007.03.22}
}

@BOOK{kohs76:_music_form,
  title = {Musical Form: Studies in Analysis and Synthesis},
  publisher = {Houghton Wifflin},
  year = {1976},
  author = {Ellis B Kohs},
  address = {Boston},
  owner = {marcos},
  timestamp = {2007.03.22}
}

@BOOK{Kostka1999,
  title = {Materials and Techniques of Twentieth-Century Music},
  publisher = {Prentice Hall},
  year = {1999},
  author = {Stefan M. Kostka},
  address = {Upper Saddle River, New Jersey},
  edition = {2 ed.},
  isbn = {1-13-924077-2},
  keywords = {music
	
	composition},
  owner = {marcos},
  timestamp = {2008.02.20}
}

@BOOK{Kostka2000,
  title = {Tonal harmony, with an introduction to twentieth-century music},
  publisher = {McGraw Hill},
  year = {2000},
  author = {Stefan M. Kostka and Dorothy Payne},
  address = {Boston},
  edition = {4},
  annote = {Stefan Kostka, Dorothy Payne.
	
	ill., music; 24 cm.
	
	Includes indexes. xix, 680},
  keywords = {Harmony.
	
	Music theory History 19th century.
	
	Music theory History 20th century.},
  owner = {marcos},
  timestamp = {2007.03.18}
}

@BOOK{Kostka2000a,
  title = {Workbook for Tonal harmony, with an introduction to twentieth-century
	music},
  publisher = {McGraw-Hill College},
  year = {2000},
  author = {Stefan M. Kostka and Dorothy Payne},
  address = {Boston},
  annote = {Stefan Kostka, Dorothy Payne.
	
	iv, 311 p.: music; 28 cm. + 2 sound discs (digital; 4 3/4 in.)},
  keywords = {Harmony.},
  owner = {marcos},
  timestamp = {2007.03.18}
}

@BOOK{Kostka1989,
  title = {Tonal harmony, with an introduction to twentieth-century music},
  publisher = {A.A. Knopf},
  year = {1989},
  author = {Stefan M. Kostka and Dorothy Payne and Allan Schindler},
  pages = {xxiii, 632},
  address = {New York},
  annote = {Stefan Kostka, Dorothy Payne; consulting editor in music, Allan W.
	Schindler.
	
	music; 25 cm.
	
	Includes indexes.},
  keywords = {Harmony.},
  owner = {marcos},
  timestamp = {2007.03.22}
}

@ARTICLE{kramer04:_concep_of_disun_and_music_analy,
  author = {Kramer,Jonathan D.},
  title = {The Concept of Disunity and Musical Analysis},
  journal = {Music Analysis},
  year = {2004},
  volume = {23},
  pages = {361-372},
  number = {2-3},
  doi = {10.1111/j.0262-5245.2004.00210.x},
  eprint = {http://www.blackwell-synergy.com/doi/pdf/10.1111/j.0262-5245.2004.00210.x},
  url = {http://www.blackwell-synergy.com/doi/abs/10.1111/j.0262-5245.2004.00210.x}
}

@BOOK{Kramer1988,
  title = {The Time of Music},
  publisher = {Schirmer Books},
  year = {1988},
  author = {Jonathan D. Kramer},
  address = {New York},
  owner = {marcos},
  timestamp = {2007.08.07}
}

@ARTICLE{kramer04:_odrad_analy,
  author = {Kramer,Lawrence},
  title = {Odradek Analysis: Reflections on Musical Ontology},
  journal = {Music Analysis},
  year = {2004},
  volume = {23},
  pages = {287-309},
  number = {2-3},
  doi = {10.1111/j.0262-5245.2004.00205.x},
  eprint = {http://www.blackwell-synergy.com/doi/pdf/10.1111/j.0262-5245.2004.00205.x},
  url = {http://www.blackwell-synergy.com/doi/abs/10.1111/j.0262-5245.2004.00205.x}
}

@ARTICLE{kramer01:_myster_of_animat,
  author = {Kramer,Lawrence},
  title = {The Mysteries of Animation: History, Analysis and Musical Subjectivity},
  journal = {Music Analysis},
  year = {2001},
  volume = {20},
  pages = {153-178},
  number = {2},
  doi = {10.1111/1468-2249.00134},
  eprint = {http://www.blackwell-synergy.com/doi/pdf/10.1111/1468-2249.00134},
  url = {http://www.blackwell-synergy.com/doi/abs/10.1111/1468-2249.00134}
}

@INCOLLECTION{Kreitner2002,
  author = {Kenneth Kreitner and Mary Térey-Smith and Jack Westrup and D. Kern
	Holoman and G.W. Hopkins and Paul Griffiths and Jon Alan Conrad},
  title = {Instrumentation and Orchestration},
  booktitle = {Grove Music},
  publisher = {Oxford University Press},
  year = {2002},
  editor = {Macy, Laura Williams},
  keywords = {music
	
	orchestration},
  owner = {marcos},
  timestamp = {2008.01.28},
  url = {/shared/docs/grove/files-1/music.20404.html}
}

@ARTICLE{krims03:_what_does_it_mean_to,
  author = {Krims,Adam},
  title = {What Does it Mean to Analyse Popular Music?},
  journal = {Music Analysis},
  year = {2003},
  volume = {22},
  pages = {181-209},
  number = {1-2},
  doi = {10.1111/j.0262-5245.2003.00179.x},
  eprint = {http://www.blackwell-synergy.com/doi/pdf/10.1111/j.0262-5245.2003.00179.x},
  url = {http://www.blackwell-synergy.com/doi/abs/10.1111/j.0262-5245.2003.00179.x}
}

@INPROCEEDINGS{kroger05:codificacao,
  author = {Pedro Ribeiro {Kröger Júnior}},
  title = {Desenvolvimento e implementação de uma codificação para definir estruturas
	musicais},
  booktitle = {Proceedings of the 10th Brazilian Symposium on Computer Music},
  year = {2005},
  pages = {307--310},
  keywords = {(MIR CODIFICATION)},
  pdf = {/home/marcos/profissional/docs/shared-docs/sbcm/2005/papers/short-13846.pdf}
}

@PHDTHESIS{junior04:_desen,
  author = {Pedro Ribeiro {Kröger Júnior}},
  title = {Desenvolvendo uma meta-linguagem para síntese sonora},
  school = {Universidade Federal da Bahia. Escola de Música},
  year = {2004},
  type = {Tese (doutorado)},
  address = {Salvador},
  abstract = {A síntese sonora em software está intimamente ligada aos programas
	da família Music N iniciados pelo Music I em 1957. Apesar de seus
	méritos, como as unidades geradoras e a flexibilidade de uma linguagem
	de partitura, o Music N apresenta alguns problemas como limitações
	na reutilização de instrumentos, inflexibilidade de parâmetros, falta
	de linguagem gráfica, e normalmente apenas um paradigma para partituras.
	Algumas soluções concentram-se em novas implementações da Music N,
	enquanto outras concentram-se na criação de ferramentas auxiliares
	como pré-processadores, e utilitários gráficos. Contudo as novas
	implementações em geral concentram-se em grupos de problemas específicos,
	sem resolver outros; e as ferramentas auxiliares resolvem um único
	problema sem ligação com os demais. Neste trabalho nós investigamos
	o problema da criação de uma meta-linguagem para síntese sonora capaz
	de utilizar diferentes paradigmas tais como unidades geradoras e
	execução de programas externos. A criação de uma meta-linguagem para
	síntese sonora permite uma solução elegante para os problemas colocados,
	sem a necessidade de implementar um novo compilador acústico, e permite
	uma integração difícil de ser alcançada com o uso dos utilitários
	atuais.},
  annote = {Orientador: Jamary Oliveira},
  keywords = {Musica por computador
	
	Meta-linguagem - Sintese sonora
	
	Composição gráfica - Programas
	
	COMPOSICAO MUSICAL},
  owner = {marcos},
  pdf = {http://www.ufba.br/tedesimples/tde_busca/arquivo.php?codArquivo=219},
  timestamp = {2007.03.25}
}

@BOOK{lang41:_music,
  title = {Music in western civilization},
  publisher = {W.W. Norton},
  year = {1941},
  author = {Lang, Paul Henry},
  pages = {xvi, 1107},
  address = {New York},
  annote = {illus., 3 maps. 24 cm.},
  keywords = {Music History and criticism.},
  owner = {marcos},
  timestamp = {2007.04.13}
}

@ARTICLE{laske91:_towar_epist_compos,
  author = {Otto E. Laske},
  title = {Toward an Epistemiology of Composition},
  journal = {Interface --- Journal of New Music Research},
  year = {1991},
  volume = {20},
  pages = {235--269},
  number = {n. 3--4},
  keywords = {composition design},
  owner = {marcos},
  timestamp = {2007.03.23}
}

@BOOK{lester1989aat,
  title = {Analytic approaches to twentieth-century music},
  publisher = {W.W. Norton},
  year = {1989},
  author = {Joel Lester},
  owner = {marcos},
  timestamp = {2007.05.25}
}

@BOOK{Livio2006,
  title = {Razão áurea: a história de Fi, um número surpreendente},
  publisher = {Record},
  year = {2006},
  author = {Mario Livio},
  address = {Rio de Janeiro},
  note = {Trad. Marco Shinobu Matsumura},
  cdd = {516.204},
  isbn = {85-01-06653-2},
  keywords = {mathematics
	
	golden section
	
	arts},
  owner = {marcos},
  timestamp = {2007.08.28}
}

@BOOK{mariz00:_brasil,
  title = {História da música no Brasil},
  publisher = {Editora Nova Fronteira},
  year = {2000},
  author = {Mariz, Vasco},
  pages = {550},
  address = {Rio de Janeiro},
  edition = {5 ed.},
  annote = {Vasco Mariz.
	
	ill.; 21 cm.},
  cdd = {780.981 M296h},
  isbn = {85-209-1050-5},
  keywords = {Music Brazil History and criticism.
	
	Composers Brazil.
	
	Latin American music History and criticism.},
  owner = {marcos},
  timestamp = {2007.03.29}
}

@BOOK{mariz94:_brasil,
  title = {História da música no Brasil},
  publisher = {Editora Nova Fronteira},
  year = {1994},
  author = {Mariz, Vasco},
  pages = {550},
  address = {Rio de Janeiro},
  edition = {4 ed.},
  annote = {Vasco Mariz.
	
	ill.; 21 cm.},
  cdd = {780.981 M343},
  isbn = {85-209-1050-5},
  keywords = {Music Brazil History and criticism.
	
	Composers Brazil.
	
	Latin American music History and criticism.},
  owner = {marcos},
  pdf = {/home/marcos/backup/exclude-backup/docs/historia/mariz-historia-musica-brasil-1994.pdf},
  timestamp = {2007.04.14}
}

@BOOK{oliveira1995imp,
  title = {Informática em música: o parâmetro altura},
  publisher = {Mestrado em Música da Universidade Federal da Bahia},
  year = {1995},
  author = {Jamary Oliveira},
  volume = {1},
  series = {Reísa},
  address = {Salvador},
  keywords = {music
	
	music computer
	
	mestrado},
  owner = {marcos},
  timestamp = {2007.09.14}
}

@BOOK{oliveira01:_escol_brasil,
  title = {Música na Escola Brasileira. Freqüência de elementos musicais em
	canções vernáculas da Bahia utilizando análise manual e por computador:
	sugestões para aplicação na educação musical},
  publisher = {ABEM},
  year = {2001},
  editor = {Joel Barbosa and Bernardete Zagonel and Maura Penna and Regina Márcia
	Simão Santos},
  author = {{Alda de Jesus} Oliveira},
  number = {2},
  series = {Série Teses},
  address = {Porto Alegre},
  note = {Trad. Wendy, Marina, Georgina Skelton},
  keywords = {music
	
	educação musical
	
	music analysis
	
	computer},
  owner = {marcos},
  school = {Universidade do Texas em Austin},
  timestamp = {2007.05.19}
}

@BOOK{piston55:_orches,
  title = {Orchestration},
  publisher = {Norton},
  year = {1955},
  author = {Walter Piston},
  address = {New York}
}

@BOOK{Rauscher1963,
  title = {Orchestration: Scores and Scoring},
  publisher = {The Free Press of Glencoe},
  year = {1963},
  author = {Donald J. Rauscher},
  address = {New York},
  keywords = {music
	
	orchestration},
  owner = {marcos},
  timestamp = {2008.01.28}
}

@ARTICLE{reynolds58:_unity_music,
  author = {W.H. Reynolds},
  title = {Unity in Music},
  journal = {Journal of Music Theory},
  year = {1958},
  volume = {2},
  keywords = {music unity}
}

@BOOK{Rimksky-Korsakov1964,
  title = {Principles of Orchestration},
  publisher = {Dover},
  year = {1964},
  author = {Nikolai Rimksky-Korsakov},
  address = {New Yokk},
  note = {Trad. Edward Agate},
  keywords = {music
	
	orchestration},
  owner = {marcos},
  timestamp = {2008.01.28}
}

@BOOK{Rogers1970,
  title = {The Art of Orchestration},
  publisher = {Greenwood Press},
  year = {1970},
  author = {Bernard Rogers},
  address = {Westport, CT},
  keywords = {music
	
	orchestration},
  owner = {marcos},
  timestamp = {2008.01.28}
}

@BOOK{Salzman1974,
  title = {Twentieth-century music: an introduction},
  publisher = {Prentice-Hall},
  year = {1974},
  editor = {H. Wiley Hithcock},
  author = {Salzman, Eric},
  pages = {xiii, 242},
  series = {Prentice-Hall History of Music Series},
  address = {Englewood Cliffs, N.J.},
  edition = {2 ed.},
  annote = {illus. 24 cm.},
  cdd = {780.908 S186t},
  isbn = {0-13-935015-2},
  keywords = {Music 20th century History and criticism.},
  owner = {marcos},
  timestamp = {2007.04.12}
}

@BOOK{salzman70:_xx,
  title = {Introdução à Música do Século XX},
  publisher = {Zahar},
  year = {1970},
  author = {Salzman, Eric},
  pages = {xiii, 242},
  address = {Rio de Janeiro},
  note = {Trad. Marco Aurélio de Moura Matos},
  annote = {illus. 24 cm.},
  cdd = {780.908 S185},
  isbn = {0-13-935015-2},
  keywords = {Music 20th century History and criticism.},
  owner = {marcos},
  timestamp = {2007.04.14}
}

@BOOK{schillinger1946ssm,
  title = {{The Schillinger System of Musical Composition}},
  publisher = {Carl Fischer, Inc},
  year = {1946},
  author = {Joseph Schillinger},
  address = {New York},
  cdd = {781.61 S334},
  owner = {marcos},
  timestamp = {2008.02.11}
}

@BOOK{schwartz1993msi,
  title = {Music Since 1945: Issues, Materials, and Literature},
  publisher = {Schirmer Books},
  year = {1993},
  author = {Eliott Schwartz and Daniel Godfrey},
  owner = {marcos},
  timestamp = {2007.08.07}
}

@BOOK{schonberg1967fmc,
  title = {Fundamentals of musical composition},
  publisher = {Faber and Faber Ltd},
  year = {1967},
  editor = {Gerald Strange and Leonard Stein},
  author = {Arnold Schönberg},
  address = {London},
  keywords = {melodic contour},
  owner = {marcos},
  timestamp = {2007.05.25}
}

@BOOK{Stiller1985,
  title = {Handbook of Instrumentation},
  publisher = {University of California Press},
  year = {1985},
  author = {Andrew Stiller},
  address = {Berkeley, CA},
  keywords = {music
	
	orchestration},
  owner = {marcos},
  timestamp = {2008.01.28}
}

@BOOK{stiller85:_handb_instr,
  title = {Handbook of Instrumentation},
  publisher = {University of California Press},
  year = {1985},
  author = {Andrew Stiller},
  address = {Berkeley, CA},
  isbn = {964543109}
}

@BOOK{stone80:_music_notat_twent_centur,
  title = {Music Notation in the Twentieth Century: A Practical Guidebook},
  publisher = {W.W. Norton \& Company},
  year = {1980},
  author = {Kurt Stone},
  address = {New York},
  isbn = {393950530}
}

@BOOK{straus90:_introd,
  title = {Introduction to post-tonal theory},
  publisher = {Prentice Hall},
  year = {1990},
  author = {Joseph N. Straus},
  address = {Englewood Cliffs, N.J.},
  isbn = {136866921}
}

@BOOK{Stravinsky1997,
  title = {The rite of spring = Le sacre du printemps : pictures from pagan
	Russia : in two parts},
  publisher = {Boosey \& Hawkes},
  year = {1997},
  author = {Stravinsky, Igor and Rerikh, Nikola i Konstantinovich},
  pages = {1 score (153 )},
  address = {London ; New York},
  annote = {by Igor Stravinsky and Nicolas Roerich.
	
	Sacre du printemps.
	
	Full orchestral score
	
	31 cm.
	
	Book by Stravinsky and Roerich; music by Stravinsky.
	
	"Revised 1947. New edition 1967."},
  keywords = {Ballets Scores.},
  owner = {marcos},
  timestamp = {2007.05.12}
}

@BOOK{toch1977sfm,
  title = {The Shaping Forces in Music: An Inquiry Into the Nature of Harmony,
	Melody, Counterpoint, Form},
  publisher = {Dover Publications},
  year = {1977},
  author = {Ernst Toch},
  annote = {disponível em http://books.google.com},
  keywords = {melodic contour},
  owner = {marcos},
  timestamp = {2007.05.25}
}

@BOOK{Toch1948,
  title = {The Shaping Forces in Music},
  publisher = {Criterion Music Corp},
  year = {1948},
  author = {Ernst Toch},
  address = {New York},
  owner = {marcos},
  timestamp = {2007.11.28}
}

@BOOK{Wuorinen1979,
  title = {Simple composition},
  publisher = {Longman},
  year = {1979},
  author = {Charles Wuorinen},
  pages = {xi, 168},
  address = {New York},
  annote = {Charles Wuorinen.
	
	music; 26 cm.
	
	Includes index.},
  keywords = {Composition (Music)
	
	Twelve-tone system.},
  owner = {marcos},
  timestamp = {2007.03.18}
}

@BOOK{apel69:_harvar_diction_music,
  title = {Harvard Dictionary of Music},
  publisher = {Belknap Press of Harvard University Press},
  year = {1969},
  editor = {Willi Apel},
  address = {Cambridge, Mass},
  edition = {2. ed. rev. enl.}
}

@BOOK{Palisca2001a,
  title = {Norton Anthology of Western Music},
  publisher = {W.W. Norton \& Company},
  year = {2001},
  editor = {Claude Palisca},
  volume = {II - Classic to Modern},
  address = {New York and London},
  edition = {4 ed.},
  isbn = {0-393-97690-4},
  keywords = {music
	
	anthology
	
	history},
  owner = {marcos},
  timestamp = {2008.01.28}
}

@BOOK{randel86:_new_harvar_diction_music,
  title = {The New Harvard Dictionary of Music},
  publisher = {Belknap Press of Harvard University Press},
  year = {1986},
  editor = {Don Michael Randel},
  address = {Cambridge, Mass}
}

@Book{adorno04:_filos_da_nova,
  author =    {Adorno, Theodor W.},
  title =        {Filosofia da nova música},
  publisher =    {Perspectiva},
  year =         2004,
  address =   {São Paulo},
  edition =   {3 ed.}}

@Book{boulez95:_apont_de_apren,
  author =    {Boulez, Pierre},
  title =        {Apontamentos de aprendiz},
  publisher =    {Perspectiva},
  year =         1995,
  address =   {São Paulo}}

@Book{boulez86:_hoje_i,
  author =    {Boulez, Pierre},
  title =        {A música hoje I},
  publisher =    {Perspectiva},
  year =         1986,
  address =   {São Paulo}}

@Book{boulez92:_hoje_ii,
  author =    {Boulez, Pierre},
  title =        {A música hoje II},
  publisher =    {Perspectiva},
  year =         1992,
  address =   {São Paulo}}


@Book{boulez96:_puntos_de_refer,
  author =    {Boulez, Pierre},
  title =        {Puntos de referencia},
  publisher =    {Gedisa},
  year =         1996,
  address =   {Barcelona},
  edition =   {2 ed.}}

@Book{dantas99,
  author =    {Dantas, Mônica},
  title =        {Dança: o enigma do movimento},
  publisher =    {Ed. da Universidade/UFRGS},
  year =         1999,
  address =   {Porto Alegre}}

@Book{dodge97:_comput_music,
  author =    {Dodge, Charles; Jerse Thomas},
  title =        {Computer music},
  publisher =    {Schirmer Books},
  year =         1997,
  address =   {New York},
  edition =   {2 ed.}}

@Book{eco03:_obra_abert,
  author =    {Eco, Umberto},
  title =        {Obra aberta},
  publisher =    {Perspectiva},
  year =         2003,
  address =   {São Paulo},
  edition =   {9 ed.}}

@Book{eco05:_estrut_ausen,
  author =    {Eco, Umberto},
  title =        {A estrutura ausente},
  publisher =    {Perspectiva},
  year =         2005,
  address =   {São Paulo},
  edition =   {7 ed.}}

@Book{fernandes02:_o_corpo_em_movim,
  author =    {Fernandes, Ciane},
  title =        {O corpo em movimento: o sistema Laban/Bartenieff na formação e pesquisa em artes cênicas},
  publisher =    {Annablume},
  year =         2002,
  address =   {São Paulo}}

@Book{foster86:_readin_dancin,
  author =    {Foster, Susan L.},
  title =        {Reading dancing},
  publisher =    {University of California Press},
  year =         1986,
  address =   {Los Angeles}}

@Book{gil05:_movim_total,
  author =    {Gil, José},
  title =        {Movimento total},
  publisher =    {Illuminuras},
  year =         2005,
  address =   {São Paulo}}

@Book{griffiths98:_moder,
  author =    {Griffiths, Paul},
  title =        {Música moderna},
  publisher =    {Jorge Zahar},
  year =         1998,
  address =   {Rio de Janeiro}}

@Book{griffiths95:_moder_music_and_after,
  author =    {Griffiths, Paul},
  title =        {Modern music and after},
  publisher =    {Oxford University Press},
  year =         1995,
  address =   {New York}}

@Book{guest95:_your_move,
  author =    {Guest, Ann H.},
  title =        {Your move},
  publisher =    {Gordon and Breach},
  year =         1995,
  address =   {London},
  edition =   {3 ed. with corrections}}

@Book{laban98:_do_movim,
  author =    {Laban, Rudolf},
  title =        {Domínio do movimento},
  publisher =    {Summus Editorial},
  year =         1998,
  address =   {São Paulo}}

@Book{laban74:_languag_of_movem,
  author =    {Laban, Rudolf},
  title =        {The language of movement},
  publisher =    {Plays Inc.},
  year =         1974,
  address =   {Boston}}

@Book{langer06:_sentim_e_forma,
  author =    {Langer, Suzanne},
  title =        {Sentimento e forma},
  publisher =    {Perspectiva},
  year =         2006,
  address =   {São Paulo}}

@Book{leibowitz81:_schoen,
  author =    {Leibowitz, René},
  title =        {Schoenberg},
  publisher =    {Perspectiva},
  year =         1981,
  address =   {São Paulo}}

@Book{menezes02:_apoteos_de_schoen,
  author =    {Menezes, Flo},
  title =        {Apoteose de Schoenberg},
  publisher =    {Ateliê Editorial},
  year =         2002,
  address =   {Cotia},
  edition =   {2 ed. revisada e ampliada}}

@Book{menezes01:_music_em_palav_e_sons,
  author =    {Menezes, Flo},
  title =        {Acústica musical em palavras e sons},
  publisher =    {Ateliê Editorial},
  year =         2001,
  address =   {Cotia}}

@Book{menezes96,
  author =    {Menezes, Flo (org.)},
  title =        {Música eletroacústica: história e estéticas},
  publisher =    {EDUSP},
  year =         1996,
  address =   {São Paulo}}

@Book{menezes06:_music_maxim,
  author =    {Menezes, Flo},
  title =        {Musica maximalista},
  publisher =    {Ed. UNESP},
  year =         2006,
  address =   {São Paulo}}

@Book{campos77:_arte_no_horiz_do,
  author =    {Campos, Haroldo de},
  title =        {A arte no horizonte do provável},
  publisher =    {Perspectiva},
  year =         1977,
  address =   {São Paulo},
  edition =   {4 ed.}}

@Book{santos07:_da_indol,
  author =    {Santos, Boaventura de S.},
  title =        {A crítica da razão indolente},
  publisher =    {Cortez},
  year =         2007,
  volume =    1,
  address =   {São Paulo}}

@Book{santos04:_escrit_inkz,
  author =    {Santos, Boaventura de S.},
  title =        {Escrita INKZ: anti-manifesto para uma arte incapaz},
  publisher =    {Aeroplano},
  year =         2004,
  address =   {Rio de Janeiro}}

@Book{santos02:_um_discur_sobre_as,
  author =    {Santos, Boaventura de S.},
  title =        {Um discurso sobre as ciências},
  publisher =    {Cortez},
  year =         2002,
  address =   {São Paulo},
  edition =   {2 ed.}}

@Book{deleuze95:_mil1,
  author =    {Deleuze, Gilles; Guattari, Félix},
  title =        {Mil platôs},
  publisher =    34,
  year =         1995,
  volume =    1,
  address =   {São Paulo}}

@Book{kuhn98:_estrut,
  author =    {Kuhn, Thomas S.},
  title =        {A estrutura das revoluções científicas},
  publisher =    {Perspectiva},
  year =         1998,
  address =   {São Paulo},
  edition =   {5 ed.}}

@Book{salles05:_abert_e_impas,
  author =    {Salles, Paulo de T.},
  title =        {Aberturas e impasses},
  publisher =    {Ed. UNESP},
  year =         2005,
  address =   {São Paulo}}

@Book{persichetti85:_armon_del_siglo_xx,
  author =    {Persichetti, Vincent},
  title =        {Armonia del siglo XX},
  publisher =    {Real Musical},
  year =         1985,
  address =   {Madrid}}

@InCollection{preston-dunlop94:_laban_schoen_kandin,
  author =       {Preston-Dunlop, Valérie},
  title =        {Laban, Schoenberg, Kandinsky},
  booktitle =    {Traces of dance},
  pages =     {110-131},
  publisher = {Dis Voir},
  year =      1994,
  editor =    {Loupe, Laurence},
  address =   {Paris}}

@InCollection{rey04:_por_uma_abord_da_pesquis,
  author =       {Rey, Sandra},
  title =        {Por uma abordagem metodológica da pesquisa em artes visuais},
  booktitle =    {O meio como ponto zero},
  publisher = {Ed. Universidade/UFRGS},
  year =      2004,
  editor =    {Brites, Blanca; Tessler, Elida},
  address =   {Porto Alegre}}


@Book{salles01:_gesto_inacab,
  author =    {Salles, Cecília},
  title =        {Gesto inacabado},
  publisher =    {Annablume},
  year =         2001,
  address =   {São Paulo},
  edition =   {2 ed.}}

@Book{schoenberg01:_harmon,
  author =    {Schoenberg, Arnold},
  title =        {Harmonia},
  publisher =    {Ed. UNESP},
  year =         2001,
  address =   {São Paulo}}

@Book{schoenberg95:_fundam_da_music,
  author =    {Schoenberg, Arnold},
  title =        {Fundamentos da composição musical},
  publisher =    {Ed. UNESP},
  year =         1995,
  address =   {São Paulo}}

@Book{schoenberg84:_style_and_idea,
  author =    {Schoenberg, Arnold},
  title =        {Style and idea},
  publisher =    {University of California Press},
  year =         1984,
  address =   {Los Angeles}}

@Book{smith-autard00:_dance_compos,
  author =    {Smith-Autard, Jaqueline},
  title =        {Dance composition},
  publisher =    {Routledge/Theatre Books},
  year =         2000,
  address =   {New York}}

@Book{stravinsky96:_music_em,
  author =    {Stravinsky, Igor},
  title =        {Poética musical em 6 lições},
  publisher =    {Jorge Zahar Editor},
  year =         1996,
  address =   {Rio de Janeiro}}

@Book{valle05:_do_movim_human,
  author =    {Valle, Flávia P. do},
  title =        {Análise do movimento humano},
  publisher =    {Ed. ULBRA},
  year =         2005,
  address =   {Canoas}}

@Book{vianna05,
  author =    {Vianna, Klauss},
  title =        {A dança},
  publisher =    {Summus Editorial},
  year =         2005,
  address =   {São Paulo}}

@Book{zampronha00:_e,
  author =    {Zampronha, Edson},
  title =        {Notação, representação e composição},
  publisher =    {Annablume},
  year =         2000,
  address =   {São Paulo}}

@InCollection{biriotti74:_del_sistem_de_estruc_por_permut,
  author =       {Biriotti, León},
  title =        {Técnica del sistema de estructuras por permutaciones},
  booktitle =    {Year book},
  pages =     {138-169},
  publisher = {Texas University},
  year =      1974,
  address =   {Austin}}


@Book{birnfeld03:_polyak,
  author =    {Birnfeld, Alexandre},
  title =        {Polyakanthos: processos composicionais},
  publisher =    {Dissertação de Mestrado em Música: Universidade Federal do Rio Grande do Sul},
  year =         2003,
  address =   {Porto Alegre}}

@Book{gomes01:_entre_de_e_proces_compos,
  author =    {Gomes, Wellington da S.},
  title =        {Correlações entre estratégias de orquestração e processos composicionais em obras do Grupo de Compositores da Bahia (1966-1973)},
  publisher =    {Tese de Doutorado em Música: Universidade Federal da Bahia},
  year =         2001,
  address =   {Salvador}}

@Book{lima99:_ernst_widmer_e_o_ensin,
  author =    {Lima, Paulo C.},
  title =        {Ernst Widmer e o Ensino de Composição Musical na Bahia},
  publisher =    {Faz Cultura/Copene},
  year =         1999,
  address =   {Salvador}}

@Book{widmer88:_parad_versus_parad,
  author =    {Widmer, Ernst},
  title =        {Paradoxon versus paradigma},
  publisher =    {Universidade Federal da Bahia},
  year =         1988,
  address =   {Salvador}}

@Book{deleuze95:_mil1,
  author =    {Deleuze, Gilles; Guattari, Félix},
  title =        {Mil platôs},
  publisher =    {Editora 34},
  year =         1995,
  volume =    1,
  address =   {São Paulo}}

@Article{doati91:_liget_gliss,
  author =       {Doati, Roberto},
  title =        {György Ligeti's Glissandi: an analysis},
  journal =      {Interface},
  year =         1991,
  volume =    20,
  pages =     {79-87}}

@Article{martin04:_liget_atmos,
  author =       {Martín, Jaime},
  title =        {György Ligeti - Atmospheres},
  journal =      {Espacio Sonoro: Revista Trimestral de Música Contemporánea},
  year =         2004,
  number =    3,
  note =      {Disponível em http://www.tallersonoro.com/espaciosonoro/03/index.htm}}

@Book{ligeti:10pecas,
  author =    {Ligeti, György},
  title =        {Zehn Stücke für Bläserquintett (Ten pieces for wind quintet)},
  publisher =    {Schott's Sohne},
  year =         1969,
  address =   {Mainz},
  note =      {Partitura musical}}

@Book{ligeti58:_artik,
  author =    {Ligeti, György},
  title =        {Artikulation},
  publisher =    {Partira aural e áudio sincronizados},
  year =         1958,
  note =      {Disponível em \url{http://ummyeah.com/page/Ligeti_Artikulation}}}

@Book{miranda08:_corpo,
  author =    {Miranda, Regina},
  title =        {Corpo-Espaço: aspectos de uma geofilosofia do corpo em movimento},
  publisher =    {7 Letras},
  year =         2008,
  address =   {Rio de Janeiro}}

@Book{fernandes06:_o_corpo_em_movim,
  author =    {Fernandes, Ciane},
  title =        {O corpo em movimento: o sistema Laban/Bartenieff na formação e pesquisa em artes cênicas},
  publisher =    {Annablume},
  year =         2006,
  address =   {São Paulo},
  edition =   {2 ed. revisada e ampliada}}

@Book{miranda08:_laban,
  author =    {Miranda, Regina et all},
  title =        {Laban 2008: artes cênicas e novos territórios},
  publisher =    {Centro Laban-Rio, Centro Coreográfico do Rio de Janeiro, Laban/Bartenieff Institute of Movement Analysis},
  year =         2008,
  address =   {Rio de Janeiro}}

@Book{faro04:_pequen_da,
  author =    {Faro, Antonio J.},
  title =        {Pequena história da dança},
  publisher =    {Jorge Zahar},
  year =         2004,
  address =   {Rio de Janeiro},
  edition =   6}

@Book{foucault03:_ordem_do_discur,
  author =    {Foucault, Michel},
  title =        {A ordem do discurso},
  publisher =    {Edições Loyola},
  year =         2003,
  address =   {São Paulo}}

@Book{descartes06:_discur_do,
  author =    {Descartes, René},
  title =        {Discurso do método},
  publisher =    {Escala Educacional},
  year =         2006,
  address =   {São Paulo}}

@Book{ludke86:_pesquis_em,
  author =    {Ludke, Menga; André, Marli E. de A.},
  title =        {Pesquisa em educação: abordagens qualitativas},
  publisher =    {E. P. P.},
  year =         1986,
  address =   {São Paulo}}

@InProceedings{gambetta06:_lma_for_conduc,
  author =       {Charles Gambetta},
  title =        {LMA for Conductors: revealing the Equivalence between movement and music},
  booktitle = {Laban \& Performing Arts},
  pages =     {45-54},
  year =      2006,
  address =   {Bratislava}}

@Book{campbell05:_use_of_laban_barten_techn,
  author =    {Campbell, Louise; Chagnon, Marie-Julie; Wanderley, Marcelo M.},
  title =        {On the use of Laban-Bartenieff techniques to describe ancillary gestures of clarinetists},
  publisher =    {McGill University},
  year =         2005,
  address =   {Montreal/Quebéc},
  note =      {Relato de pesquisa disponível em \url{www.music.mcgill.ca/musictech/clarinet/LBMF_Final_Report.pdf}}}

@Book{bertissolo02,
  author =    {Bertissolo, Guilherme},
  title =        {Distâncias: para quarteto misto (Clarinete em Bb, dois violões e violoncelo)},
  publisher =    {Partitura Musical Impressa},
  year =         2002,
  note =      {Revisada em 2006. 36 p.}}

@Book{dudeque94:_do,
  author =    {Dudeque, Norton},
  title =        {História do violão},
  publisher =    {Editora da UFPR},
  year =         1994,
  address =   {Curitiba}}

@Book{jacob61:_orques_techn,
  author =    {Jacob, Gordon},
  title =        {Orchestral technique: a manual for students},
  publisher =    {Oxford University Press},
  year =         1961,
  address =   {London/ New York/ Toronto},
  edition =   {2 ed.}}

@Book{keenan70:_techn_of_orques,
  author =    {Keenan, Kent W.},
  title =        {The technique of orchestration},
  publisher =    {Prentice Hall},
  year =         1970,
  address =   {Englewook Cliffs/ New Jersey},
  edition =   {2 ed.}}

@Book{ribeiro05:_sobre_os_instr_e_em_torno_deles,
  author =    {Ribeiro, Alexandre dos S.},
  title =        {Sobre os instrumentos sinfônicos e em torno deles},
  publisher =    {Record},
  year =         2005,
  address =   {Rio de Janeiro}}

@Book{ulloa01:_recur_sonor_e_grafias_do,
  author =    {Ulloa, Mário},
  title =        {Recursos técnicos, sonoridades e grafias do violão para compositores não violonistas},
  publisher =    {Tese de Doutorado em Música: Universidade Federal da Bahia},
  year =         2001,
  address =   {Salvador}}

@Book{vasconcelos02:_music_e_organ,
  author =    {Vasconcelos, José},
  title =        {Acústica musical e organologia},
  publisher =    {Movimento},
  year =         2002,
  address =   {Porto Alegre}}

@Book{von86:_concer_for_clarin,
  author =    {Weber, Carl M. von},
  title =        {Concertino for clarinet and orchestra Op. 26},
  publisher =    {Ernst Eulenburg},
  year =         1986,
  address =   {London},
  note =      {Partitura completa. Prefácio de Roger Fiske. 37 p.}}

@Book{bertissolo07:_later,
  author =    {Bertissolo, Guilherme},
  title =        {Música Lateral Nº1: para octeto misto (clarinete, fagote, trombone, violão, xilofone, violino, viola e
  violoncelo)},
  publisher =    {Partitura Musical Impressa},
  year =         2007,
  note =      {42 p.}}

@Article{nogueira03:_o_da_escut,
  author =       {Nogueira, Marcos},
  title =        {O imaginário metafórico da escuta},
  journal =      {Semiosfera - Revista de Comunicação e Cultura},
  year =         2003,
  key =       {Ano 3},
  number =    {4-5},
  note =      {Disponível em \url{http://www.eco.ufrj.br/semiosfera/anteriores/semiosfera45/conteudo_imag_mnogueira.htm}}}

@Book{schaeffer93:_tratad_dos_objet_music,
  author =    {Schaeffer, Pierre},
  title =        {Tratado dos objetos musicais},
  publisher =    {EDUNB},
  year =         1993,
  address =   {Brasília}}

 @Book{boulanger00:_csoun_book,
  editor =    {Boulanger, Richard},
  title =        {The CSound book},
  publisher =    {MIT Press},
  year =         2000,
  address =   {Cambridge/ London}}

 @Book{moore90:_elemen_of_comput_music,
  author =    {Moore, Robert},
  title =        {Elements of computer music},
  publisher =    {Prentice Hall},
  year =         1990,
  address =   {Englewood Cliffs, NJ}}
@Book{roads96:_comput_music_tutor,
  author =    {Curtis Roads},
  title =        {The Computer Music Tutorial},
  publisher =    {MIT Press},
  year =         1996}

@Book{gibson02:_artis_pro_series,
  author =    {Bill Gibson},
  title =        {Artist Pro series},
  publisher =    {ProAudio Press},
  year =         2002}

@Misc{iazzetad.:_tutor_de_e,
  author =    {Fernando Iazzeta},
  title =     {Tutoriais de áudio e acústica},
  howpublished = {Disponível em \url{http://www.eca.usp.br/prof/iazzetta/tutor/index.html}, acesso em 28 fevereiro de 2008},
  year =      {s.d.}}

@Misc{d.:_manual_ardour,
  title =     {Manual Ardour},
  howpublished = {Disponível em \url{http://ardour.org/files/manual/index.html}, acesso em 28 de fevereiro de 2008},
  year =      {s.d.}}
