@Book{roads96:_comput_music_tutor,
  author =    {Curtis Roads},
  title =        {The Computer Music Tutorial},
  publisher =    {MIT Press},
  year =         1996}

@Book{gibson02:_artis_pro_series,
  author =    {Bill Gibson},
  title =        {Artist Pro series},
  publisher =    {ProAudio Press},
  year =         2002}

@Misc{iazzetad.:_tutor_de_e,
  author =    {Fernando Iazzeta},
  title =     {Tutoriais de áudio e acústica},
  howpublished = {Disponível em \url{http://www.eca.usp.br/prof/iazzetta/tutor/index.html}, acesso em 28 fevereiro de 2008},
  year =      {s.d.}}

@Book{boulanger00:_csoun_book,
  editor =    {Richard Boulanger},
  title =        {The Csound Book},
  publisher =    {MIT Press},
  year =         2000}

@Book{dodge97:_comput_music,
  author =    {Charles Dodge and Thomas Jerse},
  title =        {Computer music},
  publisher =    {Schirmer Books},
  year =         1997}

@Book{menezes03:_music_em_palav_e_sons,
  author =    {Flo Menezes},
  title =        {Acústica Musical em palavras e sons},
  publisher =    {Ateliê Editorial},
  year =         2003}


@Book{menezes06:_maxim,
  author =    {Flo Menezes},
  title =        {Música Maximalista: ensaios sobre música radical e especulativa},
  publisher =    {UNESP},
  year =         2006}

@Book{menezes96,
  editor =    {Flo Menezes},
  title =        {Música Eletroacústica: história e estéticas},
  publisher =    {USP},
  year =         1996}

@Book{moore90:_elemen_of_comput_music,
  author =    {Robert Moore},
  title =        {Elements of Computer Music},
  publisher =    {Prentice Hall},
  year =         1990}

@Book{schaeffer93:_tratad_dos_objet_music,
  author =    {Pierre Schaeffer},
  title =        {Tratado dos Objetos Musicais},
  publisher =    {EDUNB},
  year =         1993}

@Misc{d.:_manual_ardour,
  title =     {Manual Ardour},
  howpublished = {Disponível em \url{http://ardour.org/files/manual/index.html}, acesso em 28 de fevereiro de 2008},
  year =      {s.d.}}

